
@article{bitcoin,
	year = {2008},
	title = {Bitcoin: A peer-to-peer electronic cash system},
	author = {Satoshi Nakamoto}
}


@article{hashcash,
	year = {2008},
	title = {Hashcash: a Denial of Service Counter-measure},
	author = {Adam beck}
}


@article{Ethereum,
	journal = {"https://github.com/ethereum/wiki/wiki/White-Paper"},
	year = {2014},
	title = {Ethereum Foundation, Ethereum whitepaper, A Next-Generation Smart Contract and Decentralized Application Platform}
}

@article{SmartContract,
	journal = {http://www.fon.hum.uva.nl/rob/Courses/InformationInSpeech/CDROM/Literature/LOTwinterschool2006/szabo.best.vwh.net/smart.contracts.html},
	year = {1993},
	title = {Smart Contracts},
	author = {Nick Szabo}
}


@article{ResearchP,
	title = {Sok: Research Prespectives and Challenges for Bitcoin and Cryprocurrencies},
	author = {J.Bonneau and A.Miller and A.Narayyanan, J.A.Kroll and E.W.Felten},
	year = {2015},
	journal = {IEEE Symposium on Security and Privacy}
}

@article{scp,
	title = {The Stellar Consensus Protocol: A Federated Model for Internet-level Consensus},
	author = {D.Mazieres},
	year = {2015}
	journal = {Stellar Development Foundation}
}

@article{gyges,
	title = {The Ring of Gyges: Investigating the Future of Criminal Smart Contracts},
	author = {Ari Juels and Ahmed Kosba and Elaine shi},
	year = {2013},
	journal = {Proceedings of ACM CCS},
	pages = {283-295}
}

@article{hawk,
	title = {Hawk: The Blockchain Model of Cryptography and Privacy-Preserving Smart Contracts},
	year = {2016},
	journal = {IEEE Symposium on Security and Privacy},
	pages = {839-858},
	author = {A.Kosba, A.Miller, E.Shi, Z.Wen, and C.Papamanthou}
}

@article{surveyAtt,
	title = {A survey of attacks on Ethereum smart contracts},
	author = {N.Atzei, M.Bartoletti, and T.Cimon},
	year = {2017},
	journal = {Proceedings of the 6th International Conference on Principles of Security and Trust},
	volume = {10204},
	pages = {164-186}	
}

@article{smart,
	title = {Making Smart Contracts Smarter},
	author = {Loi Luu and Duc-Hiep Chu and Hrishi Olickel and Prateek Saxena and Awuinas Hobor},
	journal = {Proceedings of the 2016 ACM SIGSAC Conference on Computer and Communications Security},
	pages = {254-269}
	
}

@article{rosgood,
	title = {The Future of Democracy: Blockchain Voting},
	author = {Ryan Osgood},
	year = {2016},
	journal = {COMP116: Information Security}
}

@article{votebook, 
	title = {Votebook: A proposal for a blockchain-based electronic voting system},
	author = {K.Kirby, A.Masi and F.Maymi},
	journal = {https://www.economist.com/sites/default/files/nyu.pdf},
	year = {2016}
}


@article{zerocash, 
	title = {Zerocash: Decentralized Anonymous Payments from Bitcoin},
	author = {E.B.Sasson,A.Chiesa, C.Garman, M.Green, I.Miers, E.Tromer, and M.Virza},
	journal = {2014 IEEE Symposium on Security and Privacy},
	year = {2014},
	pages = {459-474}
}

@article{zerocoin, 
	title = {Zerocoin: Anonymous distributed e-cash from bitcoin},
	author = {I.Miers, C.Garman, M.Green, and A.D.Rubin},
	journal = {IEEE Symposium on Security and Privacy},
	year = {2013},
	pages = {397-411}
}

@article{byzantine,
	title = {The Byzantine generals problem},
	author = {L.Lamport, R.Shostak, and M.Pease},
	year = {1982},
	journal = {ACM Transactions on Programming Languages and Systems (TOPLAS)},
	volume = {4},
	number = {3},
	pages = {382-401}
}


@article{PoS,
	title = {Ppcoin: Peer-to-peer crypto-currency with proof-of-stake.},
	author = {S.King, S.Nadal},
	year = {2012},
	journal = {self-published paper},

}

@article{ripple,
	title = {The ripple protocol consensus algorithm},
	author = {D.Schwartz, N.Youngs, and A.Britto},
	year = {2014},
	journal = {Ripple Labs Inc White Paper},
	
}

@article{ripple2,
	title = {Analysis of the XRP Ledger Consensus Protocol},
	author = {B.Chase and E.MacBrough},
	year = {2018},
	journal = {Ripple Labs Inc White Paper},
	
}

@article{docker,
	title = {Blockchain-based decentralized content trust for docker images},
	author = {Q.Xu, C.Jin, Mohamed Faruq Bin Mohamed Rasid, B.Veeravalli, and K.M.M.Aung},
	year = {2018},
	journal = {Multimedia Tools and Applications},
	volume = {77},
	number = {14},
	
}




@article{Chaum,
	title = {Security without identification: Transaction systems to make big brother obsolete},
	author = {D. Chaum},
	year = {1985},
	journal = {Communication of the ACM},
	volume = {28},
	number = {1},
	pages = {1030-1044}
}


@article{blindsig,
	title = {Blind signatures for untraceable payments},
	author = {D. Chaum},
	year = {1983},
	journal = {Advances in Cryptology Proceedings of Crypt},
	volume = {82},
	number = {3},
	pages = {199-203}
}



@article{foo92,
	title = {A practical secret voting scheme for large scale elections},
	author = {B. Fujioka, T. Okamoto and K. Ohta},
	year = {1992},
	journal = {LNCS 718, Advances in Cryptology - ASIACRYPT},
	pages = {244-251}
}



@article{improveblind,
	title = {Sensus: A security-conscious electronic polling system for the Internet},
	author = {L. F. Cranor and R. K. Cytron},
	year = {1997},
	journal = {Proceedings of the Hawai'i International Conference on System Sciences},
}


@article{multiteller,
	title = {"Multiple administrators for electronic voting},
	author = {B. W. DuRette},
	year = {1999},
	journal = {B.Sc thesis, MIT},
}

@article{anonchan,
	title = {"An Analysis of the Degradation of Anonymous Protocols},
	author = {M. Wright, M. Adler, B. N. Levine, and C. Shields},
	year = {2002},
	journal = {In Proceedings of Network and Distributed System Security Symposium},
}



@article{secret1,
	title = {Multi-authority secret-ballot elections with hnear work},
	author = {R. Cramer, M. Franklin, B. Schoenmakers and M. Yung},
	year = {1996},
	journal = {LNCS 1070, Advances in Cryptology - EUROCRYPT},
	pages = {72-83}
}

@article{secret2,
	title = {A secure and optimally efficient multi-authority election scheme},
	author = {R. Cramer, R. Gennaro and B. Schoenmakers},
	year = {1997},
	journal = {LNCS 1233, Advances in Cryptology - EUROCRYPT},
	pages = {103-118}
}

@article{secret3,
	title = {A Simple publicly verifiable secret sharing scheme and its application to electronic voting},
	author = {B. Schoenmakers},
	year = {1999},
	journal = {LNCS 1666, Advances in Cryptology - CRYPTO},
	pages = {148-164}
}


@article{checkvector,
	title = {Cryptographic protocols},
	author = {R. DeMillo, N. Lynch, and M. Merritt},
	year = {1984},
	journal = {Proceedings of the 14th Annual Symposium on the Theory of Computing},
	pages = {383-400}
}



@article{MPO1,
	title = {Anonymity without 'Cryptography'},
	author = {D. Malkhi and E. Pavlov},
	year = {2001},
	journal = {Proceedings of Financial Cryptography},
	pages = {117-135}
}


@article{evotinwocrypto,
	title = {E-voting without ‘cryptography'},
	author = {D.Malkhi, O.Margo, and E.Pavlov},
	year = {2002},
	journal = {In International Conference on Financial Cryptography},
	pages = {1-15}
}


@article{privblock,
	title = {Blockchain-based e-voting system.},
	author = {F.Hjálmarsson, G.Hreiðarsson, M.Hamdaqa, and G.Hjálmtýsson},
	year = {2018},
	journal = {2018 IEEE 11th International Conference on Cloud Computing (CLOUD)},
	pages = {983-986}
}

@article{yavuz,
	title = {Towards secure e-voting using ethereum blockchain},
	author = {E.Yavuz, A.Kaan Koç, U.Çabuk ; G.Dalkılıç},
	year = {2019},
	journal = {6th International Symposium on Digital Forensic and Security (ISDFS)},
	pages = {1-7}
}

@article{votereum,
	title = {Votereum: An Ethereum-Based E-Voting System},
	author = {L.Vo-Cao-Thuy, K.Cao-Minh, C.Dang-Le-Bao, and T.A.Nguyen},
	year = {2019},
	journal = {IEEE-RIVF International Conference on Computing and Communication Technologies (RIVF)},
	pages = {1-6}
}


@article{GHY,
	title = {Symmetric public-key encryption},
	author = {Z.Galil, S.Haber, and M.Yung},
	year = {1985},
	journal = {Conference on the Theory and Application of Cryptographic Techniques. Springer,},
}

@article{monero,
	title = {CryptoNote v 2.0},
	author = {N.van Saberhagen},
	year = {2013},
	journal = {https://cryptonote.org/whitepaper.pdf},
}

@article{monero2,
	title = {Thring Signatures and their Applications to Spender-Ambiguous Digital Currencies},
	author = {B.Goodell1 and S.Noether2},
	year = {2018},
	journal = {Monero Research Lab},
}


@article{zkstark,
	title = {Scalable Zero Knowledge with No Trusted Setup},
	author = {E.Ben-Sasson, I.Bentov, Y.Horesh, and M.Riabzev},
	year = {2019},
	journal = {Annual International Cryptology Conference},
	pages = {701-732}
}

@article{zksnark,
	title = {Pinocchio: nearly practical verifiable computation},
	author = {E.Ben-Sasson, I.Bentov, Y.Horesh, and M.Riabzev},
	year = {2013},
	journal = {IEEE Symposium on Security and Privacy},
	pages = {238-252}
}

@article{znsetup,
	title = {A Multi-party Protocol for Constructing the Public Parameters of the Pinocchio zk-SNARK},
	author = {S.Bowe1, A.Gabizon1(B), and M.D.Green},
	year = {2018},
	journal = {International Conference on Financial Cryptography and Data Security},
	pages = {64-77}
}


@article{nosetup,
	title = {Doubly-efficient zkSNARKs without trusted setup},
	author = {R.S.Wahby, I.Tzialla, A.Shelat, J.Thaler, and M.Walfish},
	year = {2018},
	journal = {IEEE Symposium on Security and Privacy (SP)},
	pages = {926-943}
}



@article{PBFT,
	journal = {OSDI},
	year = {1999},
	title = {Practical Byzantine fault tolerance},
	author = {M.Castro, and B.Liskov},
	pages = {173-186}
}


@article{PBFperf,
	journal = {36th Symposium on Reliable Distributed Systems (SRDS)},
	year = {2017},
	title = {Performance modeling of pbft consensus process for permissioned blockchain network (hyperledger fabric)},
	author = {H.Sukhwani, J.M.Martínez, X.Chang, K.S.Trivedi, and A.Rindos},
	pages = {253-255}
}

@article{CAP,
	journal = {Computer },
	year = {2012},
	title = {Cap twelve years later: How the “rules” have changed},
	author = {E. Brewer},
	volume = {45},
	number = {2},
	pages = {23-29}
}

@article{bftcap,
	journal = {CM Transactions on Computer Systems (TOCS)},
	year = {2002},
	title = {Practical byzantine fault tolerance and proactive recovery},
	author = {M. Castro and B. Liskov},
	volume = {20},
	number = {4},
	pages = {398–461}
}


@article{multipartyparams,
	journal = {EEE Symposium on Security and Privacy},
	year = {2015},
	title = {Secure Sampling of Public Parameters for Succinct Zero Knowledge Proofs},
	author = {E.Ben-Sasson, A.Chiesa, M.Green, E.Tromer, M.and Virza},
	pages = {287-304}
}

@article{Clique,
	journal = {https://github.com/ethereum/EIPs/issues/225},
	title = {Clique},
}
@article{Aura,
	journal = {https://wiki.parity.io/Aura},
	title = {Aura},

}

@article{oneway,
	title = {One-way accumulators: a decentralized alternative to digital signatures},
	author = {J. Benaloh and M. de Mare},
	year = {1993},
	journal = {Advances in Cryptology — EUROCRYPT},
	pages = {274-285}
}

